@conference{dp_def,
  author = {Zoltán, C. and [et al.]},
  booktitle = {Jornadas sobre Programación y Lenguajes. "Actas de las XIX Jornadas de Programación y Lenguajes (PROLE 2019): Cáceres, septiembre de 2019},
  address = {San Sebastián, Guipúzcoa: Sociedad de Ingeniería de Software y Tecnologías de Desarrollo de Software (SISTEDES)},
  year = {2019},
  pages = {1-11},
  title = {The Dynamic Pipeline Paradigm}
}

@book{CormenLeisersonEtAl09,
  added-at = {2018-08-26T15:42:10.000+0200},
  address = {Cambridge, MA},
  author = {Cormen, Thomas H. and Leiserson, Charles E. and Rivest, Ronald L. and Stein, Clifford},
  biburl = {https://www.bibsonomy.org/bibtex/28b6e267f62d8e23bbb127307ff7a4a0f/flint63},
  comment = {1st edition 1990 Paperback},
  edition = 3,
  file = {eBook:2009/CormenLeisersonEtAl09.pdf:PDF;MIT Press Product Page:https\://mitpress.mit.edu/books/introduction-algorithms-third-edition:URL;Amazon Search inside:http\://www.amazon.de/gp/reader/0262033844/:URL},
  interhash = {a5e3e9cb3fe0f62575df69d504e53809},
  intrahash = {8b6e267f62d8e23bbb127307ff7a4a0f},
  isbn = {978-0-262-03384-8},
  keywords = {01841 105 algorithm book mitpress shelf theory},
  owner = {flint},
  publisher = {MIT Press},
  timestamp = {2018-08-26T15:42:10.000+0200},
  title = {Introduction to Algorithms},
  year = 2009
}


@Misc{github,
  author = {GitHub Inc.},
  title = {GitHub},
  year = 2021,
  howpublished = {\url{https://github.com}},
  urldate = {2021-01-17}
}
