@conference{dpdef,
  author = {Zoltán, C. and et al},
  booktitle = {Jornadas sobre Programación y Lenguajes. Actas de las XIX Jornadas de Programación y Lenguajes (PROLE 2019): Cáceres, septiembre de 2019},
  address = {San Sebastián, Guipúzcoa: Sociedad de Ingeniería de Software y Tecnologías de Desarrollo de Software (SISTEDES)},
  year = {2019},
  pages = {1-11},
  title = {The Dynamic Pipeline Paradigm}
}

@book{CormenLeisersonEtAl09,
  added-at = {2018-08-26T15:42:10.000+0200},
  address = {Cambridge, MA},
  author = {Cormen, Thomas H. and Leiserson, Charles E. and Rivest, Ronald L. and Stein, Clifford},
  biburl = {https://www.bibsonomy.org/bibtex/28b6e267f62d8e23bbb127307ff7a4a0f/flint63},
  comment = {1st edition 1990 Paperback},
  edition = 3,
  isbn = {978-0-262-03384-8},
  keywords = {01841 105 algorithm book mitpress shelf theory},
  owner = {flint},
  publisher = {MIT Press},
  timestamp = {2018-08-26T15:42:10.000+0200},
  title = {Introduction to Algorithms},
  year = 2009
}

@article{monadpar,
  author = {Marlow, Simon and Newton, Ryan and Peyton Jones, Simon},
  title = {A Monad for Deterministic Parallelism},
  year = {2011},
  issue_date = {December 2011},
  publisher = {Association for Computing Machinery},
  volume = {46},
  number = {12},
  issn = {0362-1340},
  doi = {10.1145/2096148.2034685},
  journal = {SIGPLAN Not.},
  pages = {71–82}
}

@InCollection{parallelbook,
   author = {Simon Marlow},
   title = {Parallel and Concurrent Programming in {H}askell},
   booktitle = {CEFP 2011},
   year = {2012},
   pages = {339--401},
   volume = {7241},
   series = {LNCS},
   publisher = {O'Reilly Media, Inc.},
   editor = {V. Zs\'ok and Z. Horv\'ath and R. Plasmeijer}
}

@InProceedings{lenses,
    author="Meijer, Erik and Fokkinga, Maarten and Paterson, Ross",
    editor="Hughes, John",
    title="Functional programming with bananas, lenses, envelopes and barbed wire",
    booktitle="Functional Programming Languages and Computer Architecture",
    year="1991",
    publisher="Springer Berlin Heidelberg",
    address="Berlin, Heidelberg",
    pages="124--144",
    isbn="978-3-540-47599-6"
}


@article{quickcheck,
  author = {Claessen, Koen and Hughes, John},
  year = {2000},
  month = {01},
  pages = {},
  title = {QuickCheck: A Lightweight Tool for Random Testing of Haskell Programs},
  volume = {46},
  journal = {Proceedings of the ACM SIGPLAN International Conference on Functional Programming, ICFP},
  doi = {10.1145/1988042.1988046}
}

@inproceedings{monads,
    author = {Wadler, Philip},
    title = {Monads for Functional Programming},
    year = {1995},
    isbn = {3540594515},
    publisher = {Springer-Verlag},
    address = {Berlin, Heidelberg},
    booktitle = {Advanced Functional Programming, First International Spring School on Advanced Functional Programming Techniques-Tutorial Text},
    pages = {24–52}
}

@article{monadlaws,
   title={What we talk about when we talk about monads},
   volume={2},
   ISSN={2473-7321},
   DOI={10.22152/programming-journal.org/2018/2/12},
   number={3},
   journal={The Art, Science, and Engineering of Programming},
   publisher={Aspect-Oriented Software Association (AOSA)},
   author={Petricek, Tomas},
   year={2018}
}

@incollection{curryhoward,
	booktitle = {To H. B. Curry: Essays on Combinatory Logic, Lambda Calculus, and Formalism},
	title = {The Formulae-as-Types Notion of Construction},
	year = {1980},
	editor = {Haskell Curry and Hindley B. and Seldin J. Roger and P. Jonathan},
	author = {William Alvin Howard},
	publisher = {Academic Press}
}

@inproceedings{diefpaper,
    author = {Acosta, Maribel and Vidal, Maria-Esther and Sure-Vetter, York},
    year = {2017},
    month = {10},
    pages = {3-19},
    title = {Diefficiency Metrics: Measuring the Continuous Efficiency of Query Processing Approaches},
    isbn = {978-3-319-68203-7},
    doi = {10.1007/978-3-319-68204-4_1}
}

@inproceedings{lightweightghc,
    author = {Li, Peng and Marlow, Simon and Peyton Jones, Simon and Tolmach, Andrew},
    title = {Lightweight Concurrency Primitives for GHC},
    year = {2007},
    isbn = {9781595936745},
    publisher = {Association for Computing Machinery},
    doi = {10.1145/1291201.1291217},
    booktitle = {Proceedings of the ACM SIGPLAN Workshop on Haskell Workshop},
    pages = {107–118},
    location = {Freiburg, Germany},
    series = {Haskell '07}
}

@article{systemf,
    author = {Girard, Jean-Yves},
    title = {The System \textit{F} of Variable Types, Fifteen Years Later},
    year = {1986},
    issue_date = {Sept. 1986},
    publisher = {Elsevier Science Publishers Ltd.},
    address = {GBR},
    volume = {45},
    number = {2},
    issn = {0304-3975},
    journal = {Theor. Comput. Sci.},
    month = sep,
    pages = {159–192},
    numpages = {34}
}

@article{dependenttypes,
    author = {Weirich, Stephanie and Voizard, Antoine and de Amorim, Pedro Henrique Azevedo and Eisenberg, Richard A.},
    title = {A Specification for Dependent Types in Haskell},
    year = {2017},
    issue_date = {September 2017},
    publisher = {Association for Computing Machinery},
    address = {New York, NY, USA},
    volume = {1},
    number = {ICFP},
    doi = {10.1145/3110275},
    journal = {Proc. ACM Program. Lang.},
    month = aug,
    articleno = {31},
    numpages = {29},
    keywords = {Haskell, Dependent Types}
}

@article{extensibleeff,
    author = {Kiselyov, Oleg and Sabry, Amr and Swords, Cameron},
    title = {Extensible Effects: An Alternative to Monad Transformers},
    year = {2013},
    issue_date = {December 2013},
    publisher = {Association for Computing Machinery},
    address = {New York, NY, USA},
    volume = {48},
    number = {12},
    issn = {0362-1340},
    doi = {10.1145/2578854.2503791},
    journal = {SIGPLAN Not.},
    month = sep,
    pages = {59–70},
    numpages = {12},
    keywords = {open union, effect handler, coroutine, effect interaction, monad transformer, monad, type and effect system}
}

@article{arrows,
    title = {Generalising monads to arrows},
    journal = {Science of Computer Programming},
    volume = {37},
    number = {1},
    pages = {67-111},
    year = {2000},
    issn = {0167-6423},
    doi = {https://doi.org/10.1016/S0167-6423(99)00023-4},
    author = {John Hughes}
}


@article{exploting,
  title={Exploiting coarse-grained task, data, and pipeline parallelism in stream programs},
  author={Gordon, Michael I and Thies, William and Amarasinghe, Saman},
  journal={ACM SIGOPS Operating Systems Review},
  volume={40},
  number={5},
  pages={151--162},
  year={2006},
  publisher={ACM}
}

@inproceedings{enumeratingsg,
  author    = {Foto N. Afrati and
               Dimitris Fotakis and
               Jeffrey D. Ullman},
  title     = {Enumerating subgraph instances using map-reduce},
  booktitle = {29th {IEEE} International Conference on Data Engineering, {ICDE} 2013,
               Brisbane, Australia, April 8-12, 2013},
  pages     = {62--73},
  year      = {2013},
  url       = {http://dx.doi.org/10.1109/ICDE.2013.6544814},
  doi       = {10.1109/ICDE.2013.6544814},
  timestamp = {Mon, 25 Apr 2016 16:57:47 +0200},
  biburl    = {http://dblp.uni-trier.de/rec/bib/conf/icde/AfratiFU13},
  bibsource = {dblp computer science bibliography, http://dblp.org}
}

@article{onthefly,
  title={On-the-fly pipeline parallelism},
  author={Lee, I and Angelina, Ting and Leiserson, Charles E and Schardl, Tao B and Zhang, Zhunping and Sukha, Jim},
  journal={ACM Transactions on Parallel Computing},
  volume={2},
  number={3},
  pages={17},
  year={2015},
  publisher={ACM}
}

@InProceedings{stm,
    author = {Harris, Tim and Marlow, Simon and Peyton Jones, Simon},
    title = {Composable memory transactions},
    booktitle = {PPoPP '05: Proceedings of the tenth ACM SIGPLAN symposium on Principles and practice of parallel programming},
    year = {2005},
    month = {January},
    publisher = {ACM Press},
    url = {https://www.microsoft.com/en-us/research/publication/composable-memory-transactions/},
    pages = {48-60},
    isbn = {1-59593-080-9},
    edition = {PPoPP '05: Proceedings of the tenth ACM SIGPLAN symposium on Principles and practice of parallel programming},
}

@PREAMBLE{ {\providecommand{\noopsort}[1]{}} }

@misc{netastro,
  author       = {{\noopsort{zzz-netastro}}{J. Leskovec, J. Kleinberg and C. Faloutsos}},
  title        = {SNAP Datasets: Stanford Large Network Dataset Collection},
  howpublished = {https://snap.stanford.edu/data/ca-AstroPh.html},
  year         = 2007
}

@misc{netenron,
  author       = {{\noopsort{zzz-netenron}}{William Cohen}},
  title        = {SNAP Datasets: Stanford Large Network Dataset Collection},
  howpublished = {https://snap.stanford.edu/data/email-Enron.html},
  year         = 2004
}

@misc{netwebgoogle,
  author       = {{\noopsort{zzz-netwebgoogle}}{Google Inc.}},
  title        = {SNAP Datasets: Stanford Large Network Dataset Collection},
  howpublished = {https://snap.stanford.edu/data/web-Google.html},
  year         = 2002
}


@misc{stanford,
  author       = {{\noopsort{zzz-stanford}}{Stanford University}},
  title        = {SNAP Datasets: Stanford Large Network Dataset Collection},
  howpublished = {\url{https://snap.stanford.edu/data/index.html}},
  note = {Accessed: 2021-04-15}
}

@misc{async,
  title = {Haskell Async Library},
  author       = {{\noopsort{zzz-async}}{Simon Marlow}},
  howpublished = {\url{https://hackage.haskell.org/package/async}},
  note = {Accessed: 2021-04-17}
}

@misc{hadoop,
  title = {Apache Hadoop},
  author       = {{\noopsort{zzz-hadoop}}{Apache Foundation}},
  howpublished = {\url{https://hadoop.apache.org/}},
  note = {Accessed: 2021-04-30}
}

@misc{unagi,
  title = {Haskell Unagi-Chan Library},
  author       = {{\noopsort{zzz-unagi}}{Brandon Simmons}},
  howpublished = {\url{https://hackage.haskell.org/package/unagi-chan}},
  note = {Accessed: 2021-04-17}
}

@misc{apachespark,
  title = {Apache Spark},
  author       = {{\noopsort{zzz-apachespark}}{Apache Foundation}},
  howpublished = {\url{https://spark.apache.org/}},
  note = {Accessed: 2021-04-27}
}

@misc{knime,
  title = {Apache Knime},
  author       = {{\noopsort{zzz-knime}}{Apache Foundation}},
  howpublished = {\url{https://www.knime.com/}},
  note = {Accessed: 2021-04-27}
}

@misc{forkio,
  title = {Haskell Base Library},
  author       = {{\noopsort{zzz-forkio}}{Haskell.org}},
  howpublished = {\url{https://hackage.haskell.org/package/base-4.15.0.0/docs/Control-Concurrent.html#v:forkIO}},
  note = {Accessed: 2021-04-26}
}

@misc{containers,
  title = {Haskell containers Library},
  author       = {{\noopsort{zzz-containers}}{Haskell.org}},
  howpublished = {\url{https://hackage.haskell.org/package/containers}},
  note = {Accessed: 2021-04-17}
}

@misc{bytestring,
  title = {Haskell bytestring Library},
  author       = {{\noopsort{zzz-bytestring}}{D. Stewart, D. Coutts}},
  howpublished = {\url{https://hackage.haskell.org/package/bytestring}},
  note = {Accessed: 2021-04-17}
}

@misc{relude,
  title = {Haskell relude Library},
  author       = {{\noopsort{zzz-relude}}{D. Kovanikov, V. Romashkina, S. Diehl, Serokell}},
  howpublished = {\url{https://hackage.haskell.org/package/containers}},
  note = {Accessed: 2021-04-17}
}

@misc{criterion,
  title = {Haskell Criterion Tool},
  author       = {{\noopsort{zzz-criterion}}{Bryan O'Sullivan}},
  howpublished = {\url{https://hackage.haskell.org/package/criterion}},
  note = {Accessed: 2021-04-17}
}

@misc{threadscope,
  title = {Haskell ThreadScope Tool},
  author       = {{\noopsort{zzz-threadscope}}{S. Singh, S. Marlow, D. Jones, D. Coutts, M. Konarski, N. Wu, E. Kow}},
  howpublished = {\url{https://wiki.haskell.org/ThreadScope}},
  note = {Accessed: 2021-04-17}
}


@misc{eventlog2html,
  title = {Haskell eventlog2html Tool},
  author       = {{\noopsort{zzz-eventlog2html}}{M. Pickering, D. Binder, C. Heiland-Allen}},
  howpublished = {\url{https://mpickering.github.io/eventlog2html/}},
  note = {Accessed: 2021-04-17}
}


@misc{sparks,
  title = {Glasgow Haskell Compiler User's Guide},
  author       = {{\noopsort{zzz-sparks}}{Glasgow Haskell Compiler}},
  howpublished = {\url{https://downloads.haskell.org/ghc/8.8.4/docs/html/users_guide/parallel.html#annotating-pure-code-for-parallelism}},
  note = {Accessed: 2021-04-28}
}

@misc{extensions,
  title = {Glasgow Haskell Compiler User's Guide},
  author       = {{\noopsort{zzz-extensions}}{Glasgow Haskell Compiler}},
  howpublished = {\url{https://downloads.haskell.org/ghc/8.8.4/docs/html/users_guide/glasgow_exts.html#language-options}},
  note = {Accessed: 2021-05-09}
}

@misc{ghcheap,
  title = {Haskell ghc-heap Types},
  author       = {{\noopsort{zzz-ghcheap}}{Haskell.org}},
  howpublished = {\url{https://downloads.haskell.org/~ghc/8.10.4/docs/html/libraries/ghc-heap-8.10.4/GHC-Exts-Heap-ClosureTypes.html}},
  note = {Accessed: 2021-05-09}
}

@misc{pipes,
  title = {Haskell pipes Library},
  author       = {{\noopsort{zzz-pipes}}{Gabriel Gonzalez}},
  howpublished = {\url{https://hackage.haskell.org/package/pipes}},
  note = {Accessed: 2021-05-09}
}

@misc{conduit,
  title = {Haskell conduit Types},
  author       = {{\noopsort{zzz-conduit}}{Michael Snoyman}},
  howpublished = {\url{https://hackage.haskell.org/package/conduit}},
  note = {Accessed: 2021-05-09}
}

@misc{streamly,
  title = {Haskell streamly Types},
  author       = {{\noopsort{zzz-streamly}}{Harendra Kumar}},
  howpublished = {\url{https://hackage.haskell.org/package/streamly}},
  note = {Accessed: 2021-05-09}
}

@misc{benchstreamhs,
  title = {Haskell Stream Libraries Benchmarks},
  author       = {{\noopsort{zzz-benchstreamhs}}{Harendra Kumar}},
  howpublished = {\url{https://github.com/composewell/streaming-benchmarks}},
  note = {Accessed: 2021-05-09}
}

@misc{hsindustry,
  title = {Haskell in the Industry},
  author       = {{\noopsort{zzz-hsindustry}}{Haskell.org}},
  howpublished = {\url{https://wiki.haskell.org/Haskell_in_industry}},
  note = {Accessed: 2021-05-11}
}

@misc{diefpy,
  title = {Python Diefficiency Metric Tool},
  author       = {{\noopsort{zzz-diefpy}}{Maribel Acosta}},
  howpublished = {\url{https://github.com/SDM-TIB/diefpy/}},
  note = {Accessed: 2021-05-03}
}

@misc{haskell,
  title = {Haskell Language},
  author       = {{\noopsort{zzz-haskell}}{Haskell.org}},
  howpublished = {\url{https://www.haskell.org/}},
  note = {Accessed: 2021-05-09}
}

@misc{ghcstats,
  title = {GHC RTS Stats},
  author       = {{\noopsort{zzz-ghcstats}}{Haskell.org}},
  howpublished = {\url{https://downloads.haskell.org/ghc/8.8.4/docs/html/users_guide/runtime_control.html#rts-options-to-produce-runtime-statistics}},
  note = {Accessed: 2021-05-11}
}

@misc{monadparlib,
  title = {Haskell monad-par library},
  author       = {{\noopsort{zzz-monadparlib}}{S. Marlow, R. Newton}},
  howpublished = {\url{https://hackage.haskell.org/package/monad-par}},
  note = {Accessed: 2021-05-11}
}

@misc{stack,
  title = {Haskell Stack Tool},
  author       = {{\noopsort{zzz-stack}}{FP Complete}},
  howpublished = {\url{https://docs.haskellstack.org/en/stable/README/}},
  note = {Accessed: 2021-05-11}
}
