@conference{dpdef,
  author = {Zoltán, C. and et al},
  booktitle = {Jornadas sobre Programación y Lenguajes. Actas de las XIX Jornadas de Programación y Lenguajes (PROLE 2019): Cáceres, septiembre de 2019},
  address = {San Sebastián, Guipúzcoa: Sociedad de Ingeniería de Software y Tecnologías de Desarrollo de Software (SISTEDES)},
  year = {2019},
  pages = {1-11},
  title = {The Dynamic Pipeline Paradigm}
}

@book{CormenLeisersonEtAl09,
  added-at = {2018-08-26T15:42:10.000+0200},
  address = {Cambridge, MA},
  author = {Cormen, Thomas H. and Leiserson, Charles E. and Rivest, Ronald L. and Stein, Clifford},
  biburl = {https://www.bibsonomy.org/bibtex/28b6e267f62d8e23bbb127307ff7a4a0f/flint63},
  comment = {1st edition 1990 Paperback},
  edition = 3,
  isbn = {978-0-262-03384-8},
  keywords = {01841 105 algorithm book mitpress shelf theory},
  owner = {flint},
  publisher = {MIT Press},
  timestamp = {2018-08-26T15:42:10.000+0200},
  title = {Introduction to Algorithms},
  year = 2009
}

@article{monadpar,
  author = {Marlow, Simon and Newton, Ryan and Peyton Jones, Simon},
  title = {A Monad for Deterministic Parallelism},
  year = {2011},
  issue_date = {December 2011},
  publisher = {Association for Computing Machinery},
  address = {New York, NY, USA},
  volume = {46},
  number = {12},
  issn = {0362-1340},
  url = {https://doi.org/10.1145/2096148.2034685},
  doi = {10.1145/2096148.2034685},
  journal = {SIGPLAN Not.},
  month = sep,
  pages = {71–82},
  numpages = {12},
  keywords = {haskell, parallel}
}

@InCollection{parallelbook,
   author = {Simon Marlow},
   title = {Parallel and Concurrent Programming in {H}askell},
   booktitle = {CEFP 2011},
   year = {2012},
   url = {http://simonmar.github.io/bib/papers/par-tutorial-cefp-2012.pdf},
   pages = {339--401},
   volume = {7241},
   series = {LNCS},
   publisher = {O'Reilly Media, Inc.},
   editor = {V. Zs\'ok and Z. Horv\'ath and R. Plasmeijer}
}

@article{lenses,
  author = {Meijer, Erik and Fokkinga, Maarten and Paterson, Ross},
  year = {2000},
  month = {04},
  pages = {},
  title = {Functional Programming with Bananas, Lenses, Envelopes and Barbed Wire},
  journal = {Proceedings of the 5th ACM Conference on Functional Programming Languages and Computer Architecture},
  volume = {523},
  isbn = {978-3-540-54396-1},
  doi = {10.1007/3540543961\_7}
}

@article{quickcheck,
  author = {Claessen, Koen and Hughes, John},
  year = {2000},
  month = {01},
  pages = {},
  title = {QuickCheck: A Lightweight Tool for Random Testing of Haskell Programs},
  volume = {46},
  journal = {Proceedings of the ACM SIGPLAN International Conference on Functional Programming, ICFP},
  doi = {10.1145/1988042.1988046}
}

@inproceedings{monads,
    author = {Wadler, Philip},
    title = {Monads for Functional Programming},
    year = {1995},
    isbn = {3540594515},
    publisher = {Springer-Verlag},
    address = {Berlin, Heidelberg},
    booktitle = {Advanced Functional Programming, First International Spring School on Advanced Functional Programming Techniques-Tutorial Text},
    pages = {24–52},
    numpages = {29}
}

@article{monadlaws,
   title={What we talk about when we talk about monads},
   volume={2},
   ISSN={2473-7321},
   url={http://dx.doi.org/10.22152/programming-journal.org/2018/2/12},
   DOI={10.22152/programming-journal.org/2018/2/12},
   number={3},
   journal={The Art, Science, and Engineering of Programming},
   publisher={Aspect-Oriented Software Association (AOSA)},
   author={Petricek, Tomas},
   year={2018},
   month={Mar}
}

@incollection{curryhoward,
	booktitle = {To H. B. Curry: Essays on Combinatory Logic, Lambda Calculus, and Formalism},
	title = {The Formulae-as-Types Notion of Construction},
	year = {1980},
	editor = {Haskell Curry and Hindley B. and Seldin J. Roger and P. Jonathan},
	author = {William Alvin Howard},
	publisher = {Academic Press}
}

@misc{netastro,
  author       = {J. Leskovec, J. Kleinberg and C. Faloutsos},
  title        = {SNAP Datasets: Stanford Large Network Dataset Collection},
  howpublished = {https://snap.stanford.edu/data/ca-AstroPh.html},
  year         = 2007
}

@misc{netenron,
  author       = {William Cohen},
  title        = {SNAP Datasets: Stanford Large Network Dataset Collection},
  howpublished = {https://snap.stanford.edu/data/email-Enron.html},
  year         = 2004
}

@misc{netwebgoogle,
  author       = {Google Inc.},
  title        = {SNAP Datasets: Stanford Large Network Dataset Collection},
  howpublished = {https://snap.stanford.edu/data/web-Google.html},
  year         = 2002
}


@misc{stanford,
  title        = {SNAP Datasets: Stanford Large Network Dataset Collection},
  howpublished = {\url{https://snap.stanford.edu/data/index.html}},
  note = {Accessed: 2021-04-15}
}

@misc{async,
  title = {Haskell Async Library},
  howpublished = {\url{https://hackage.haskell.org/package/async}},
  note = {Accessed: 2021-04-17}
}

@misc{hadoop,
  title = {Apache Hadoop},
  howpublished = {\url{https://hadoop.apache.org/}},
  note = {Accessed: 2021-04-30}
}

@misc{unagi,
  title = {Haskell Unagi-Chan Library},
  howpublished = {\url{https://hackage.haskell.org/package/unagi-chan}},
  note = {Accessed: 2021-04-17}
}

@misc{apachespark,
  title = {Apache Spark},
  howpublished = {\url{https://spark.apache.org/}},
  note = {Accessed: 2021-04-27}
}

@misc{knime,
  title = {Apache Knime},
  howpublished = {\url{https://www.knime.com/}},
  note = {Accessed: 2021-04-27}
}

@misc{forkio,
  title = {Haskell Base Library},
  howpublished = {\url{https://hackage.haskell.org/package/base-4.15.0.0/docs/Control-Concurrent.html#v:forkIO}},
  note = {Accessed: 2021-04-26}
}

@misc{containers,
  title = {Haskell containers Library},
  howpublished = {\url{https://hackage.haskell.org/package/containers}},
  note = {Accessed: 2021-04-17}
}

@misc{bytestring,
  title = {Haskell bytestring Library},
  howpublished = {\url{https://hackage.haskell.org/package/bytestring}},
  note = {Accessed: 2021-04-17}
}

@misc{relude,
  title = {Haskell relude Library},
  howpublished = {\url{https://hackage.haskell.org/package/containers}},
  note = {Accessed: 2021-04-17}
}

@misc{criterion,
  title = {Haskell Criterion Tool},
  howpublished = {\url{https://hackage.haskell.org/package/criterion}},
  note = {Accessed: 2021-04-17}
}


@misc{threadscope,
  title = {Haskell ThreadScope Tool},
  howpublished = {\url{https://wiki.haskell.org/ThreadScope}},
  note = {Accessed: 2021-04-17}
}


@misc{eventlog2html,
  title = {Haskell eventlog2html Tool},
  howpublished = {\url{https://mpickering.github.io/eventlog2html/}},
  note = {Accessed: 2021-04-17}
}


@misc{sparks,
  title = {Glasgow Haskell Compiler User's Guide},
  howpublished = {\url{https://downloads.haskell.org/ghc/8.8.4/docs/html/users_guide/parallel.html#annotating-pure-code-for-parallelism}},
  note = {Accessed: 2021-04-28}
}

@misc{extensions,
  title = {Glasgow Haskell Compiler User's Guide},
  howpublished = {\url{https://downloads.haskell.org/ghc/8.8.4/docs/html/users_guide/glasgow_exts.html#language-options}},
  note = {Accessed: 2021-05-09}
}

@misc{ghcheap,
  title = {Haskell ghc-heap Types},
  howpublished = {\url{https://downloads.haskell.org/~ghc/8.10.4/docs/html/libraries/ghc-heap-8.10.4/GHC-Exts-Heap-ClosureTypes.html}},
  note = {Accessed: 2021-05-09}
}

@misc{pipes,
  title = {Haskell pipes Library},
  howpublished = {\url{https://hackage.haskell.org/package/pipes}},
  note = {Accessed: 2021-05-09}
}

@misc{conduit,
  title = {Haskell conduit Types},
  howpublished = {\url{https://hackage.haskell.org/package/conduit}},
  note = {Accessed: 2021-05-09}
}

@misc{streamly,
  title = {Haskell streamly Types},
  howpublished = {\url{https://hackage.haskell.org/package/streamly}},
  note = {Accessed: 2021-05-09}
}

@misc{benchstreamhs,
  title = {Haskell Stream Libraries Benchmarks},
  howpublished = {\url{https://github.com/composewell/streaming-benchmarks}},
  note = {Accessed: 2021-05-09}
}

@misc{diefpy,
  title = {Python Diefficiency Metric Tool},
  howpublished = {\url{https://github.com/SDM-TIB/diefpy/}},
  note = {Accessed: 2021-05-03}
}

@misc{haskell,
  title = {Haskell Language},
  howpublished = {\url{https://www.haskell.org/}},
  note = {Accessed: 2021-05-09}
}

@inproceedings{diefpaper,
    author = {Acosta, Maribel and Vidal, Maria-Esther and Sure-Vetter, York},
    year = {2017},
    month = {10},
    pages = {3-19},
    title = {Diefficiency Metrics: Measuring the Continuous Efficiency of Query Processing Approaches},
    isbn = {978-3-319-68203-7},
    doi = {10.1007/978-3-319-68204-4_1}
}

@inproceedings{lightweightghc,
    author = {Li, Peng and Marlow, Simon and Peyton Jones, Simon and Tolmach, Andrew},
    title = {Lightweight Concurrency Primitives for GHC},
    year = {2007},
    isbn = {9781595936745},
    publisher = {Association for Computing Machinery},
    address = {New York, NY, USA},
    url = {https://doi.org/10.1145/1291201.1291217},
    doi = {10.1145/1291201.1291217},
    booktitle = {Proceedings of the ACM SIGPLAN Workshop on Haskell Workshop},
    pages = {107–118},
    numpages = {12},
    keywords = {transactional memory, haskell, thread, concurrency},
    location = {Freiburg, Germany},
    series = {Haskell '07}
}

@article{systemf,
    author = {Girard, Jean-Yves},
    title = {The System <i>F</i> of Variable Types, Fifteen Years Later},
    year = {1986},
    issue_date = {Sept. 1986},
    publisher = {Elsevier Science Publishers Ltd.},
    address = {GBR},
    volume = {45},
    number = {2},
    issn = {0304-3975},
    journal = {Theor. Comput. Sci.},
    month = sep,
    pages = {159–192},
    numpages = {34}
}

@article{dependenttypes,
    author = {Weirich, Stephanie and Voizard, Antoine and de Amorim, Pedro Henrique Azevedo and Eisenberg, Richard A.},
    title = {A Specification for Dependent Types in Haskell},
    year = {2017},
    issue_date = {September 2017},
    publisher = {Association for Computing Machinery},
    address = {New York, NY, USA},
    volume = {1},
    number = {ICFP},
    url = {https://doi.org/10.1145/3110275},
    doi = {10.1145/3110275},
    journal = {Proc. ACM Program. Lang.},
    month = aug,
    articleno = {31},
    numpages = {29},
    keywords = {Haskell, Dependent Types}
}

@article{extensibleeff,
    author = {Kiselyov, Oleg and Sabry, Amr and Swords, Cameron},
    title = {Extensible Effects: An Alternative to Monad Transformers},
    year = {2013},
    issue_date = {December 2013},
    publisher = {Association for Computing Machinery},
    address = {New York, NY, USA},
    volume = {48},
    number = {12},
    issn = {0362-1340},
    url = {https://doi.org/10.1145/2578854.2503791},
    doi = {10.1145/2578854.2503791},
    journal = {SIGPLAN Not.},
    month = sep,
    pages = {59–70},
    numpages = {12},
    keywords = {open union, effect handler, coroutine, effect interaction, monad transformer, monad, type and effect system}
}

@article{arrows,
    title = {Generalising monads to arrows},
    journal = {Science of Computer Programming},
    volume = {37},
    number = {1},
    pages = {67-111},
    year = {2000},
    issn = {0167-6423},
    doi = {https://doi.org/10.1016/S0167-6423(99)00023-4},
    url = {https://www.sciencedirect.com/science/article/pii/S0167642399000234},
    author = {John Hughes}
}


