@inproceedings{paper_cohesion,
  author = {Zhang, Jie and Wu, Jiajing and Xia, Yongxiang and Ye, Fanghua},
  year = {2018},
  month = {05},
  pages = {1-5},
  title = {Measuring Cohesion of Software Systems Using Weighted Directed Complex Networks},
  doi = {10.1109/ISCAS.2018.8351747}
}

@book{cohesion_coupling,
    author    = "Yourdon, E.",
    title     = "Structured Design Fundamentals of a Discipline ofComputer Program and Systems Design",
    year      = "1979",
    publisher = "Prentice-Hall Inc",
    address   = "Reno"
}


@Misc{github,
  author = {GitHub Inc.},
  title = {GitHub},
  year = 2021,
  howpublished = {\url{https://github.com}},
  urldate = {2021-01-17}
}
