@article{hr19,
  title={A Comprehensive Survey on Parallelization and Elasticity in Stream Processing},
  author={Henriette R{\"o}ger and Ruben Mayer},
  journal={ACM Computing Surveys (CSUR)},
  year={2019},
  volume={52},
  pages={1 - 37}
}

@inproceedings{dpdef,
  title={{The Dynamic Pipeline Paradigm}},
  author={Cristina Zoltan and Edelmira Pasarella and Julian Araoz and Maria-Esther Vidal},
  url={http://hdl.handle.net/11705/PROLE/2019/017},
  booktitle={PROLE2019},
  year={2019},
  publisher={SISTEDES}
}

@article{exploiting,
  title={Exploiting coarse-grained task, data, and pipeline parallelism in stream programs},
  author={Gordon, Michael I and Thies, William and Amarasinghe, Saman},
  journal={ACM SIGOPS Operating Systems Review},
  volume={40},
  number={5},
  pages={151--162},
  year={2006},
  publisher={ACM}
}

@misc{rubyonrails,
  title = {Ruby on Rails},
  author       = {{\noopsort{zzz-rubyonrails}}{RubyonRails.org}},
  howpublished = {\url{https://rubyonrails.org/}},
  note = {Accessed: 2021-09-27}
}

@misc{springboot,
  title = {Spring Boot},
  author       = {{\noopsort{zzz-springboot}}{VMware, Inc. or its affiliate}},
  howpublished = {\url{https://spring.io/projects/spring-boot}},
  note = {Accessed: 2021-09-27}
}


@misc{hql,
  title = {Hibernate Query Language},
  author       = {{\noopsort{zzz-hql}}{RedHat}},
  howpublished = {\url{https://docs.jboss.org/hibernate/orm/3.3/reference/en/html/queryhql.html}},
  note = {Accessed: 2021-09-27}
}

@article{dsl,
  title={Domain-specific languages: A systematic mapping study},
  author={Kosar, Toma{\v{z}} and Bohra, Sudev and Mernik, Marjan},
  journal={Information and Software Technology},
  volume={71},
  pages={77--91},
  year={2016},
  publisher={Elsevier}
}


@article{type-index,
  title={Type-indexed data types},
  author={Hinze, Ralf and Jeuring, Johan and L{\"o}h, Andres},
  journal={Science of Computer Programming},
  volume={51},
  number={1-2},
  pages={117--151},
  year={2004},
  publisher={Elsevier}
}


@misc{coq,
  author       = {{\noopsort{zzz-coq}}{Coq Consortium}},
  title        = {The Coq Proof Asistant},
  howpublished = {https://coq.inria.fr/},
  year         = 2021
}

@article{associated-types,
  title={Associated type synonyms},
  author={Chakravarty, Manuel MT and Keller, Gabriele and Jones, Simon Peyton},
  journal={ACM SIGPLAN Notices},
  volume={40},
  number={9},
  pages={241--253},
  year={2005},
  publisher={ACM New York, NY, USA}
}

@inproceedings{defunctionalization,
  title={Defunctionalization at work},
  author={Danvy, Olivier and Nielsen, Lasse R},
  booktitle={Proceedings of the 3rd ACM SIGPLAN international conference on Principles and practice of declarative programming},
  pages={162--174},
  year={2001}
}

@incollection{fun-type-function-haskell,
  title={Fun with type functions},
  author={Kiselyov, Oleg and Jones, Simon Peyton and Shan, Chung-chieh},
  booktitle={Reflections on the Work of CAR Hoare},
  pages={301--331},
  year={2010},
  publisher={Springer}
}

@inproceedings{hlist,
  title={Strongly typed heterogeneous collections},
  author={Kiselyov, Oleg and L{\"a}mmel, Ralf and Schupke, Keean},
  booktitle={Proceedings of the 2004 ACM SIGPLAN Workshop on Haskell},
  pages={96--107},
  year={2004}
}

@misc{unagi-bench,
  title = {Haskell Unagi-Chan Benchmark},
  author       = {{\noopsort{zzz-unagi-bench}}{Brandon Simmons}},
  howpublished = {\url{https://github.com/jberryman/unagi-chan}},
  note = {Accessed: 2021-04-17}
}


@inproceedings{promoted-types,
  title={Giving Haskell a promotion},
  author={Yorgey, Brent A and Weirich, Stephanie and Cretin, Julien and Peyton Jones, Simon and Vytiniotis, Dimitrios and Magalh{\~a}es, Jos{\'e} Pedro},
  booktitle={Proceedings of the 8th ACM SIGPLAN Workshop on Types in Language Design and Implementation},
  pages={53--66},
  year={2012}
}

@article{type-haskell,
  title={Henk: a typed intermediate language},
  author = {Peyton-Jones, S and Meijer, E },
  journal={TIC},
  volume={97},
  pages={10},
  year={1997},
  publisher={Citeseer}
}

@misc{cakephp,
  title = {Cake PHP},
  author       = {{\noopsort{zzz-cakephp}}{Cake Software Foundation, Inc. }},
  howpublished = {\url{https://cakephp.org/}},
  note = {Accessed: 2021-09-27}
}

@misc{wordpress,
  title = {WordPress},
  author       = {{\noopsort{zzz-wordpress}}{WordPress.com}},
  howpublished = {\url{https://wordpress.com/}},
  note = {Accessed: 2021-09-27}
}


@article{mapreduce,
  title={MapReduce: simplified data processing on large clusters},
  author={Dean, Jeffrey and Ghemawat, Sanjay},
  journal={Communications of the ACM},
  volume={51},
  number={1},
  pages={107--113},
  year={2008},
  publisher={ACM New York, NY, USA}
}


@article{dpp_triangles,
  title={Comparing MapReduce and pipeline implementations for counting triangles},
  author={Pasarella, Edelmira and Vidal, Maria-Esther and Zoltan, Cristina},
  journal={Electronic proceedings in theoretical computer science},
  volume={237},
  pages={20--33},
  year={2017}
}

@book{CormenLeisersonEtAl09,
  added-at = {2018-08-26T15:42:10.000+0200},
  address = {Cambridge, MA},
  author = {Cormen, Thomas H. and Leiserson, Charles E. and Rivest, Ronald L. and Stein, Clifford},
  biburl = {https://www.bibsonomy.org/bibtex/28b6e267f62d8e23bbb127307ff7a4a0f/flint63},
  comment = {1st edition 1990 Paperback},
  edition = 3,
  isbn = {978-0-262-03384-8},
  keywords = {01841 105 algorithm book mitpress shelf theory},
  owner = {flint},
  publisher = {MIT Press},
  timestamp = {2018-08-26T15:42:10.000+0200},
  title = {Introduction to Algorithms},
  year = 2009
}

@article{monadpar,
  title={A monad for deterministic parallelism},
  author={Marlow, Simon and Newton, Ryan and Peyton Jones, Simon},
  journal={ACM SIGPLAN Notices},
  volume={46},
  number={12},
  pages={71--82},
  year={2011},
  publisher={ACM New York, NY, USA}
}

@InCollection{parallelbook,
   author = {Simon Marlow},
   title = {Parallel and Concurrent Programming in {H}askell},
   booktitle = {CEFP 2011},
   year = {2012},
   pages = {339--401},
   volume = {7241},
   series = {LNCS},
   publisher = {O'Reilly Media, Inc.},
   editor = {V. Zs\'ok and Z. Horv\'ath and R. Plasmeijer}
}

@inproceedings{prole,
  title={Towards a Dynamic Pipeline Framework implemented in (parallel) Haskell},
  author={Juan Pablo Royo Sales and Edelmira Pasarella and Cristina Zoltan and Maria-Esther Vidal},
  url={http://hdl.handle.net/11705/PROLE/2021/017},
  booktitle={PROLE2021},
  year={2021},
  publisher={SISTEDES}
}


@InProceedings{lenses,
    author="Meijer, Erik and Fokkinga, Maarten and Paterson, Ross",
    editor="Hughes, John",
    title="Functional programming with bananas, lenses, envelopes and barbed wire",
    booktitle="Functional Programming Languages and Computer Architecture",
    year="1991",
    publisher="Springer Berlin Heidelberg",
    address="Berlin, Heidelberg",
    pages="124--144",
    isbn="978-3-540-47599-6"
}

@article{dsel,
  title={Building domain-specific embedded languages},
  author={Hudak, Paul},
  journal={ACM Computing Surveys (CSUR)},
  volume={28},
  number={4es},
  pages={196--es},
  year={1996},
  publisher={ACM New York, NY, USA}
}

@article{quickcheck,
  author = {Claessen, Koen and Hughes, John},
  year = {2000},
  month = {01},
  pages = {},
  title = {QuickCheck: A Lightweight Tool for Random Testing of Haskell Programs},
  volume = {46},
  journal = {Proceedings of the ACM SIGPLAN International Conference on Functional Programming, ICFP},
  doi = {10.1145/1988042.1988046}
}

@inproceedings{monads,
    author = {Wadler, Philip},
    title = {Monads for Functional Programming},
    year = {1995},
    isbn = {3540594515},
    publisher = {Springer-Verlag},
    address = {Berlin, Heidelberg},
    booktitle = {Advanced Functional Programming, First International Spring School on Advanced Functional Programming Techniques-Tutorial Text},
    pages = {24–52}
}

@article{monadlaws,
   title={What we talk about when we talk about monads},
   volume={2},
   ISSN={2473-7321},
   DOI={10.22152/programming-journal.org/2018/2/12},
   number={3},
   journal={The Art, Science, and Engineering of Programming},
   publisher={Aspect-Oriented Software Association (AOSA)},
   author={Petricek, Tomas},
   year={2018}
}

@incollection{curryhoward,
	booktitle = {To H. B. Curry: Essays on Combinatory Logic, Lambda Calculus, and Formalism},
	title = {The Formulae-as-Types Notion of Construction},
	year = {1980},
	editor = {Haskell Curry and Hindley B. and Seldin J. Roger and P. Jonathan},
	author = {William Alvin Howard},
	publisher = {Academic Press}
}

@inproceedings{diefpaper,
  title={Diefficiency metrics: measuring the continuous efficiency of query processing approaches},
  author={Acosta, Maribel and Vidal, Maria-Esther and Sure-Vetter, York},
  booktitle={International Semantic Web Conference},
  pages={3--19},
  year={2017},
  organization={Springer}
}

@inproceedings{lightweightghc,
  title={Lightweight concurrency primitives for GHC},
  author={Li, Peng and Marlow, Simon and Peyton Jones, Simon and Tolmach, Andrew},
  booktitle={Proceedings of the ACM SIGPLAN workshop on Haskell workshop},
  pages={107--118},
  year={2007}
}

@article{systemf,
    author = {Girard, Jean-Yves},
    title = {The System \textit{F} of Variable Types, Fifteen Years Later},
    year = {1986},
    issue_date = {Sept. 1986},
    publisher = {Elsevier Science Publishers Ltd.},
    address = {GBR},
    volume = {45},
    number = {2},
    issn = {0304-3975},
    journal = {Theor. Comput. Sci.},
    month = sep,
    pages = {159–192},
    numpages = {34}
}

@article{dependenttypes,
    author = {Weirich, Stephanie and Voizard, Antoine and de Amorim, Pedro Henrique Azevedo and Eisenberg, Richard A.},
    title = {A Specification for Dependent Types in Haskell},
    year = {2017},
    issue_date = {September 2017},
    publisher = {Association for Computing Machinery},
    address = {New York, NY, USA},
    volume = {1},
    number = {ICFP},
    doi = {10.1145/3110275},
    journal = {Proc. ACM Program. Lang.},
    month = aug,
    articleno = {31},
    numpages = {29},
    keywords = {Haskell, Dependent Types}
}

@article{extensibleeff,
    author = {Kiselyov, Oleg and Sabry, Amr and Swords, Cameron},
    title = {Extensible Effects: An Alternative to Monad Transformers},
    year = {2013},
    issue_date = {December 2013},
    publisher = {Association for Computing Machinery},
    address = {New York, NY, USA},
    volume = {48},
    number = {12},
    issn = {0362-1340},
    doi = {10.1145/2578854.2503791},
    journal = {SIGPLAN Not.},
    month = sep,
    pages = {59–70},
    numpages = {12},
    keywords = {open union, effect handler, coroutine, effect interaction, monad transformer, monad, type and effect system}
}

@article{arrows,
    title = {Generalising monads to arrows},
    journal = {Science of Computer Programming},
    volume = {37},
    number = {1},
    pages = {67-111},
    year = {2000},
    issn = {0167-6423},
    doi = {https://doi.org/10.1016/S0167-6423(99)00023-4},
    author = {John Hughes}
}

@inproceedings{enumeratingsg,
  author    = {Foto N. Afrati and
               Dimitris Fotakis and
               Jeffrey D. Ullman},
  title     = {Enumerating subgraph instances using map-reduce},
  booktitle = {29th {IEEE} International Conference on Data Engineering, {ICDE} 2013,
               Brisbane, Australia, April 8-12, 2013},
  pages     = {62--73},
  year      = {2013},
  url       = {http://dx.doi.org/10.1109/ICDE.2013.6544814},
  doi       = {10.1109/ICDE.2013.6544814},
  timestamp = {Mon, 25 Apr 2016 16:57:47 +0200},
  biburl    = {http://dblp.uni-trier.de/rec/bib/conf/icde/AfratiFU13},
  bibsource = {dblp computer science bibliography, http://dblp.org}}

@article{onthefly,
  title={On-the-fly pipeline parallelism},
  author={Lee, I-Ting Angelina and Leiserson, Charles E and Schardl, Tao B and Zhang, Zhunping and Sukha, Jim},
  journal={ACM Transactions on Parallel Computing (TOPC)},
  volume={2},
  number={3},
  pages={1--42},
  year={2015},
  publisher={ACM New York, NY, USA}
}

@inproceedings{stm,
  title={Composable memory transactions},
  author={Harris, Tim and Marlow, Simon and Peyton-Jones, Simon and Herlihy, Maurice},
  booktitle={Proceedings of the tenth ACM SIGPLAN symposium on Principles and practice of parallel programming},
  pages={48--60},
  year={2005}
}

@PREAMBLE{ {\providecommand{\noopsort}[1]{}} }

@misc{hackage,
  title = {Hackage: The Haskell Package Repository},
  author       = {{\noopsort{zzz-hackage}}{haskell.org}},
  howpublished = {\url{https://hackage.haskell.org}},
  note = {Accessed: 2021-05-09}
}

@misc{dynamic-pipeline,
  title = {Haskell Dynamic Pipeline Library},
  author       = {{\noopsort{zzz-dynamic-pipeline}}{Juan Pablo Royo Sales}},
  howpublished = {\url{https://hackage.haskell.org/package/dynamic-pipeline}},
  note = {Accessed: 2021-09-07}
}

@misc{dynamic-pipeline-git,
  title = {Haskell Dynamic Pipeline Library - Github Repository},
  author       = {{\noopsort{zzz-dynamic-pipeline-git}}{Juan Pablo Royo Sales}},
  howpublished = {\url{https://github.com/jproyo/dynamic-pipeline}},
  note = {Accessed: 2021-09-02}
}

@misc{netastro,
  author       = {{\noopsort{zzz-netastro}}{J. Leskovec, J. Kleinberg and C. Faloutsos}},
  title        = {SNAP Datasets: Stanford Large Network Dataset Collection},
  howpublished = {https://snap.stanford.edu/data/ca-AstroPh.html},
  year         = 2007
}

@misc{netenron,
  author       = {{\noopsort{zzz-netenron}}{William Cohen}},
  title        = {SNAP Datasets: Stanford Large Network Dataset Collection},
  howpublished = {https://snap.stanford.edu/data/email-Enron.html},
  year         = 2004
}

@misc{netwebgoogle,
  author       = {{\noopsort{zzz-netwebgoogle}}{Google Inc.}},
  title        = {SNAP Datasets: Stanford Large Network Dataset Collection},
  howpublished = {https://snap.stanford.edu/data/web-Google.html},
  year         = 2002
}


@misc{stanford,
  author       = {{\noopsort{zzz-stanford}}{Stanford University}},
  title        = {SNAP Datasets: Stanford Large Network Dataset Collection},
  howpublished = {\url{https://snap.stanford.edu/data/index.html}},
  note = {Accessed: 2021-04-15}
}

@misc{async,
  title = {Haskell Async Library},
  author       = {{\noopsort{zzz-async}}{Simon Marlow}},
  howpublished = {\url{https://hackage.haskell.org/package/async}},
  note = {Accessed: 2021-04-17}
}

@misc{hadoop,
  title = {Apache Hadoop},
  author       = {{\noopsort{zzz-hadoop}}{Apache Foundation}},
  howpublished = {\url{https://hadoop.apache.org/}},
  note = {Accessed: 2021-04-30}
}

@misc{unagi,
  title = {Haskell Unagi-Chan Library},
  author       = {{\noopsort{zzz-unagi}}{Brandon Simmons}},
  howpublished = {\url{https://hackage.haskell.org/package/unagi-chan}},
  note = {Accessed: 2021-04-17}
}

@misc{apachespark,
  title = {Apache Spark},
  author       = {{\noopsort{zzz-apachespark}}{Apache Foundation}},
  howpublished = {\url{https://spark.apache.org/}},
  note = {Accessed: 2021-04-27}
}

@misc{knime,
  title = {Apache Knime},
  author       = {{\noopsort{zzz-knime}}{Apache Foundation}},
  howpublished = {\url{https://www.knime.com/}},
  note = {Accessed: 2021-04-27}
}

@misc{forkio,
  title = {Haskell Base Library},
  author       = {{\noopsort{zzz-forkio}}{Haskell.org}},
  howpublished = {\url{https://hackage.haskell.org/package/base-4.15.0.0/docs/Control-Concurrent.html#v:forkIO}},
  note = {Accessed: 2021-04-26}
}

@misc{containers,
  title = {Haskell containers Library},
  author       = {{\noopsort{zzz-containers}}{Haskell.org}},
  howpublished = {\url{https://hackage.haskell.org/package/containers}},
  note = {Accessed: 2021-04-17}
}

@misc{bytestring,
  title = {Haskell bytestring Library},
  author       = {{\noopsort{zzz-bytestring}}{D. Stewart, D. Coutts}},
  howpublished = {\url{https://hackage.haskell.org/package/bytestring}},
  note = {Accessed: 2021-04-17}
}

@misc{relude,
  title = {Haskell relude Library},
  author       = {{\noopsort{zzz-relude}}{D. Kovanikov, V. Romashkina, S. Diehl, Serokell}},
  howpublished = {\url{https://hackage.haskell.org/package/containers}},
  note = {Accessed: 2021-04-17}
}

@misc{criterion,
  title = {Haskell Criterion Tool},
  author       = {{\noopsort{zzz-criterion}}{Bryan O'Sullivan}},
  howpublished = {\url{https://hackage.haskell.org/package/criterion}},
  note = {Accessed: 2021-04-17}
}

@misc{threadscope,
  title = {Haskell ThreadScope Tool},
  author       = {{\noopsort{zzz-threadscope}}{S. Singh, S. Marlow, D. Jones, D. Coutts, M. Konarski, N. Wu, E. Kow}},
  howpublished = {\url{https://wiki.haskell.org/ThreadScope}},
  note = {Accessed: 2021-04-17}
}


@misc{eventlog2html,
  title = {Haskell eventlog2html Tool},
  author       = {{\noopsort{zzz-eventlog2html}}{M. Pickering, D. Binder, C. Heiland-Allen}},
  howpublished = {\url{https://mpickering.github.io/eventlog2html/}},
  note = {Accessed: 2021-04-17}
}

@article{sparks,
  title={Seq no more: better strategies for parallel Haskell},
  author={Marlow, Simon and Maier, Patrick and Loidl, Hans-Wolfgang and Aswad, Mustafa K and Trinder, Phil},
  journal={ACM Sigplan Notices},
  volume={45},
  number={11},
  pages={91--102},
  year={2010},
  publisher={ACM New York, NY, USA}
}

@inproceedings{sparks1,
  title={Runtime support for multicore Haskell},
  author={Marlow, Simon and Peyton Jones, Simon and Singh, Satnam},
  booktitle={Proceedings of the 14th ACM SIGPLAN international conference on Functional programming},
  pages={65--78},
  year={2009}
}
\iffalse
@misc{sparks0,
  title = {Glasgow Haskell Compiler User's Guide},
  author       = {{\noopsort{zzz-sparks}}{Glasgow Haskell Compiler}},
  howpublished = {\url{https://downloads.haskell.org/ghc/8.8.4/docs/html/users_guide/parallel.html#annotating-pure-code-for-parallelism}},
  note = {Accessed: 2021-04-28}
}
\fi

@misc{extensions,
  title = {Glasgow Haskell Compiler User's Guide},
  author       = {{\noopsort{zzz-extensions}}{Glasgow Haskell Compiler}},
  howpublished = {\url{https://downloads.haskell.org/ghc/8.8.4/docs/html/users_guide/glasgow_exts.html#language-options}},
  note = {Accessed: 2021-05-09}
}

@misc{ghcheap,
  title = {Haskell ghc-heap Types},
  author       = {{\noopsort{zzz-ghcheap}}{Haskell.org}},
  howpublished = {\url{https://downloads.haskell.org/~ghc/8.10.4/docs/html/libraries/ghc-heap-8.10.4/GHC-Exts-Heap-ClosureTypes.html}},
  note = {Accessed: 2021-05-09}
}

@misc{pipes,
  title = {Haskell pipes Library},
  author       = {{\noopsort{zzz-pipes}}{Gabriel Gonzalez}},
  howpublished = {\url{https://hackage.haskell.org/package/pipes}},
  note = {Accessed: 2021-05-09}
}

@misc{conduit,
  title = {Haskell conduit Types},
  author       = {{\noopsort{zzz-conduit}}{Michael Snoyman}},
  howpublished = {\url{https://hackage.haskell.org/package/conduit}},
  note = {Accessed: 2021-05-09}
}

@misc{streamly,
  title = {Haskell streamly Types},
  author       = {{\noopsort{zzz-streamly}}{Harendra Kumar}},
  howpublished = {\url{https://hackage.haskell.org/package/streamly}},
  note = {Accessed: 2021-05-09}
}

@misc{benchstreamhs,
  title = {Haskell Stream Libraries Benchmarks},
  author       = {{\noopsort{zzz-benchstreamhs}}{Harendra Kumar}},
  howpublished = {\url{https://github.com/composewell/streaming-benchmarks}},
  note = {Accessed: 2021-05-09}
}

@misc{hsindustry,
  title = {Haskell in the Industry},
  author       = {{\noopsort{zzz-hsindustry}}{Haskell.org}},
  howpublished = {\url{https://wiki.haskell.org/Haskell_in_industry}},
  note = {Accessed: 2021-05-11}
}

@misc{diefpy,
  title = {Python Diefficiency Metric Tool},
  author       = {{\noopsort{zzz-diefpy}}{M. Acosta}},
  howpublished = {\url{https://github.com/SDM-TIB/diefpy/}},
  note = {Accessed: 2021-05-03}
}

@misc{haskell,
  title = {Haskell Language},
  author       = {{\noopsort{zzz-haskell}}{Haskell.org}},
  howpublished = {\url{https://www.haskell.org/}},
  note = {Accessed: 2021-05-09}
}

@misc{ghcstats,
  title = {GHC RTS Stats},
  author       = {{\noopsort{zzz-ghcstats}}{Haskell.org}},
  howpublished = {\url{https://downloads.haskell.org/ghc/8.8.4/docs/html/users_guide/runtime_control.html#rts-options-to-produce-runtime-statistics}},
  note = {Accessed: 2021-05-11}
}

@misc{monadparlib,
  title = {Haskell monad-par library},
  author       = {{\noopsort{zzz-monadparlib}}{S. Marlow, R. Newton}},
  howpublished = {\url{https://hackage.haskell.org/package/monad-par}},
  note = {Accessed: 2021-05-11}
}

@misc{stack,
  title = {Haskell Stack Tool},
  author       = {{\noopsort{zzz-stack}}{FP Complete}},
  howpublished = {\url{https://docs.haskellstack.org/en/stable/README/}},
  note = {Accessed: 2021-05-11}
}

@misc{dpf_source,
  title = {DPF Source Code},
  author       = {{\noopsort{zzz-dpf_source}}{J. P. Royo Sales, E. Pasarella, C. Zoltan, M. E. Vidal}},
  howpublished = {\url{https://github.com/jproyo/upc-miri-tfm/tree/feature/library-v1/connected-comp}},
  note = {Accessed: 2021-06-17}
}

@book{Fowler10,
  title={Domain-specific languages},
  author={Fowler, Martin},
  year={2010},
  publisher={Pearson Education}
}

